@ARTICLE{ShenUnknown-pk,
  title   = "The hourglass problem",
  author  = "Shen, K Y and Scott, Bruce L",
  journal = "Am. J. Phys. 53, 787–788 (1985)",
  volume  =  53,
  pages   = "787--788"
}

@ARTICLE{Gardner1966-jo,
  title     = "{MATHEMATICAL} {GAMES} （解答）",
  author    = "Gardner, Martin",
  journal   = "Scientific American",
  publisher = "Scientific American, a division of Nature America, Inc.",
  volume    =  215,
  number    =  3,
  pages     = "264--276",
  year      =  1966
}

@ARTICLE{Gardner1966-eu,
  title     = "{MATHEMATICAL} {GAMES}",
  author    = "Gardner, Martin",
  journal   = "Scientific American",
  publisher = "Scientific American, a division of Nature America, Inc.",
  volume    =  215,
  number    =  2,
  pages     = "96--99",
  year      =  1966
}

@ARTICLE{Reid1967-jq,
  title     = "Weight of an hourglass",
  author    = "Reid, Walter P",
  journal   = "Am. J. Phys.",
  publisher = "American Association of Physics Teachers (AAPT)",
  volume    =  35,
  pages     = "351--352",
  month     =  apr,
  year      =  1967,
  language  = "en"
}

@ARTICLE{Becker2008-cu,
  title     = "Hourglass of constant weight",
  author    = "Becker, Volker and Pöschel, Thorsten",
  journal   = "Granul. Matter",
  publisher = "Springer Science and Business Media LLC",
  volume    =  10,
  number    =  3,
  pages     = "231--232",
  month     =  mar,
  year      =  2008,
  language  = "en"
}

@ARTICLE{Tuinstra2010-wk,
  title     = "The weight of an hourglass",
  author    = "Tuinstra, Fokke and Tuinstra, Bouke F",
  journal   = "Europhys. News",
  publisher = "EDP Sciences",
  volume    =  41,
  pages     = "25--28",
  month     =  may,
  year      =  2010
}

@ARTICLE{Sack2017-rq,
  title     = "Weight of an hourglass—Theory and experiment in quantitative
               comparison",
  author    = "Sack, Achim and Pöschel, Thorsten",
  journal   = "Am. J. Phys.",
  publisher = "American Association of Physics Teachers (AAPT)",
  volume    =  85,
  pages     = "98--107",
  month     =  feb,
  year      =  2017,
  language  = "en"
}

@ARTICLE{Kassandrov2023-tn,
  title     = "Hourglass of constant weight as an illustrative example of a
               system with a variable mass",
  author    = "Kassandrov, Vladimir V and Silagadze, Zurab K",
  journal   = "Granul. Matter",
  publisher = "Springer Science and Business Media LLC",
  volume    =  25,
  month     =  feb,
  year      =  2023,
  language  = "en"
}

